<record><leader>00000cas a2200000 a 4500</leader><controlfield tag="001">26574346</controlfield><controlfield tag="008">920910d19511958caucr ne      0    0eng c</controlfield><datafield ind1=" " ind2=" " tag="010"><subfield code="a">sn 92068918 </subfield></datafield><datafield ind1=" " ind2=" " tag="040"><subfield code="a">CUY</subfield><subfield code="b">eng</subfield><subfield code="c">CNK</subfield><subfield code="d">OCLCQ</subfield><subfield code="d">CNK</subfield><subfield code="d">OCLCQ</subfield><subfield code="d">OCLCF</subfield><subfield code="d">OCLCO</subfield></datafield><datafield ind1="1" ind2=" " tag="029"><subfield code="a">AU@</subfield><subfield code="b">000020735280</subfield></datafield><datafield ind1=" " ind2=" " tag="042"><subfield code="a">pcc</subfield></datafield><datafield ind1=" " ind2=" " tag="043"><subfield code="a">n-us-ca</subfield></datafield><datafield ind1="0" ind2="0" tag="245"><subfield code="a">Dinuba sentinel and Kingsburg sentinel.</subfield></datafield><datafield ind1=" " ind2=" " tag="260"><subfield code="a">Dinuba, Calif. :</subfield><subfield code="b">Sentinel Print. and Publ. Co.</subfield></datafield><datafield ind1=" " ind2=" " tag="300"><subfield code="a">v.</subfield></datafield><datafield ind1=" " ind2=" " tag="310"><subfield code="a">Semiweekly</subfield></datafield><datafield ind1="0" ind2=" " tag="362"><subfield code="a">Vol. 54, no. 58 (Aug. 28, 1951)-July 24, 1958.</subfield></datafield><datafield ind1=" " ind2=" " tag="530"><subfield code="a">Master negatives are available for duplication from:</subfield><subfield code="b">California Newspaper Microfilm Archive;</subfield><subfield code="c">positive copies may be purchased by the reel; for further information consult the CNMA at:</subfield><subfield code="u">http://cbsr.ucr.edu</subfield></datafield><datafield ind1=" " ind2="0" tag="651"><subfield code="a">Dinuba (Calif.)</subfield><subfield code="v">Newspapers.</subfield></datafield><datafield ind1=" " ind2="0" tag="651"><subfield code="a">Kingsburg (Calif.)</subfield><subfield code="v">Newspapers.</subfield></datafield><datafield ind1=" " ind2="7" tag="655"><subfield code="a">Newspapers.</subfield><subfield code="2">fast</subfield><subfield code="0">(OCoLC)fst01423814</subfield></datafield><datafield ind1=" " ind2="7" tag="651"><subfield code="a">California</subfield><subfield code="z">Dinuba.</subfield><subfield code="2">fast</subfield><subfield code="0">(OCoLC)fst01217488</subfield></datafield><datafield ind1=" " ind2="7" tag="651"><subfield code="a">California</subfield><subfield code="z">Kingsburg.</subfield><subfield code="2">fast</subfield><subfield code="0">(OCoLC)fst01218798</subfield></datafield><datafield ind1=" " ind2=" " tag="752"><subfield code="a">United States</subfield><subfield code="b">California</subfield><subfield code="c">Tulare</subfield><subfield code="d">Dinuba.</subfield></datafield><datafield ind1="0" ind2="4" tag="780"><subfield code="t">Dinuba sentinel</subfield><subfield code="w">(DLC)sn 92068913</subfield></datafield><datafield ind1="0" ind2="4" tag="780"><subfield code="t">Kingsburg sentinel</subfield><subfield code="w">(DLC)sn 98061016</subfield></datafield><datafield ind1="0" ind2="0" tag="785"><subfield code="t">Dinuba sentinel</subfield><subfield code="w">(DLC)sn 83007221</subfield></datafield></record>